<?xml version="1.0" encoding="UTF-8"?><collection xmlns="http://www.loc.gov/MARC21/slim"><record><leader>00549nam--2200181-i-4500</leader><controlfield tag="001">000019612</controlfield><controlfield tag="002">20161230</controlfield><controlfield tag="005">20161230201033</controlfield><controlfield tag="008">060222s1000------------r-----000-0-fre-d</controlfield><datafield ind1=" " ind2=" " tag="040"><subfield code="a">IFIN-HH</subfield></datafield><datafield ind1=" " ind2=" " tag="041"><subfield code="a">fre</subfield></datafield><datafield ind1=" " ind2=" " tag="080"><subfield code="a">539.142.2(043)</subfield></datafield><datafield ind1="1" ind2=" " tag="100"><subfield code="a">Djibril, Fall</subfield></datafield><datafield ind1="1" ind2="0" tag="245"><subfield code="a">Calcul des elements de matrice nucleaires des transitions beta dans le cadre du modele en couches</subfield><subfield code="b">These</subfield><subfield code="c">Fall djibril</subfield></datafield><datafield ind1=" " ind2=" " tag="260"><subfield code="a">Toulouse</subfield><subfield code="b">L`Universite Paul Sabatier De Toulouse</subfield><subfield code="c">1974</subfield></datafield><datafield ind1=" " ind2=" " tag="300"><subfield code="a">70 P</subfield></datafield><datafield ind1=" " ind2=" " tag="852"><subfield code="a">43378</subfield><subfield code="c">539.14</subfield></datafield><datafield ind1=" " ind2=" " tag="CAT"><subfield code="a">Sys</subfield><subfield code="c">20120330</subfield><subfield code="h">142906</subfield></datafield></record></collection>